@Book{Lamport1986,
  author =	 {Leslie Lamport},
  title =	 {LaTeX: A Document Preparation System},
  publisher =	 {Addison-Wesley},
  year =	 1986,
  address =	 {Reading, Mass.}}


@Book{Knuth1986,
  author = 	 {Donald E. Knuth},
  title = 	 {The TeXbook},
  publisher = 	 {Addison-Wesley},
  year = 	 1986,
  address = 	 {Boston}}

@booklet{Wilson2016,
  author =	 {Peter Wilson},
  title =	 {The Memoir Class for Configurable Typesetting},
  url =		 {https://ctan.org/pkg/memoir?lang=en},
  year =	 2016
}